<record><leader>00000cas a22000007a 4500</leader><controlfield tag="001">38937819</controlfield><controlfield tag="008">980411c19689999tnuwr ne      0    0eng d</controlfield><datafield ind1=" " ind2=" " tag="010"><subfield code="a">sn 98069789 </subfield></datafield><datafield ind1=" " ind2=" " tag="040"><subfield code="a">TGN</subfield><subfield code="b">eng</subfield><subfield code="c">TGN</subfield><subfield code="d">OCLCQ</subfield><subfield code="d">OCLCF</subfield><subfield code="d">OCLCO</subfield></datafield><datafield ind1="1" ind2=" " tag="029"><subfield code="a">AU@</subfield><subfield code="b">000013904206</subfield></datafield><datafield ind1=" " ind2=" " tag="042"><subfield code="a">msc</subfield></datafield><datafield ind1=" " ind2=" " tag="043"><subfield code="a">n-us-tn</subfield></datafield><datafield ind1="0" ind2=" " tag="130"><subfield code="a">Jellico advance sentinel (Jellico, Tenn. : 1968)</subfield></datafield><datafield ind1="1" ind2="4" tag="245"><subfield code="a">The Jellico advance sentinel.</subfield></datafield><datafield ind1="1" ind2=" " tag="246"><subfield code="i">Colophon title:</subfield><subfield code="a">Advance-sentinel</subfield></datafield><datafield ind1=" " ind2=" " tag="260"><subfield code="a">Jellico, Tenn. :</subfield><subfield code="b">Walter T. Pulliam,</subfield><subfield code="c">1968-</subfield></datafield><datafield ind1=" " ind2=" " tag="300"><subfield code="a">v.</subfield></datafield><datafield ind1=" " ind2=" " tag="310"><subfield code="a">Weekly</subfield></datafield><datafield ind1="0" ind2=" " tag="362"><subfield code="a">88th year, no. 39 (Sept. 11, 1968)-</subfield></datafield><datafield ind1=" " ind2="0" tag="651"><subfield code="a">Jellico (Tenn.)</subfield><subfield code="v">Newspapers.</subfield></datafield><datafield ind1=" " ind2="0" tag="651"><subfield code="a">Campbell County (Tenn.)</subfield><subfield code="v">Newspapers.</subfield></datafield><datafield ind1=" " ind2="7" tag="655"><subfield code="a">Newspapers.</subfield><subfield code="2">fast</subfield><subfield code="0">(OCoLC)fst01423814</subfield></datafield><datafield ind1=" " ind2="7" tag="651"><subfield code="a">Tennessee</subfield><subfield code="z">Campbell County.</subfield><subfield code="2">fast</subfield><subfield code="0">(OCoLC)fst01225294</subfield></datafield><datafield ind1=" " ind2="7" tag="651"><subfield code="a">Tennessee</subfield><subfield code="z">Jellico.</subfield><subfield code="2">fast</subfield><subfield code="0">(OCoLC)fst01225083</subfield></datafield><datafield ind1=" " ind2=" " tag="752"><subfield code="a">United States</subfield><subfield code="b">Tennessee</subfield><subfield code="c">Campbell</subfield><subfield code="d">Jellico.</subfield></datafield><datafield ind1="0" ind2="0" tag="780"><subfield code="t">Advance=sentinel</subfield><subfield code="w">(DLC)sn 89058126</subfield></datafield></record>